<record xmlns="http://www.loc.gov/MARC21/slim" xmlns:xsi="http://www.w3.org/2001/XMLSchema-instance" xsi:schemaLocation="http://www.loc.gov/MARC21/slim http://www.loc.gov/standards/marcxml/schema/MARC21slim.xsd">

  <leader>01285nab a2200157   4500</leader>
  <controlfield tag="008">150611b2000    cr f|||| |||| 00| 0 spa d</controlfield>
  <datafield ind2=" " tag="090" ind1=" ">
    <subfield code="a">REVIS 06.02.01</subfield>
  </datafield>
  <datafield ind2=" " tag="100" ind1="1">
    <subfield code="9">186</subfield>
    <subfield code="a">Méndez Anchía, Silvia</subfield>
  </datafield>
  <datafield ind2="3" tag="245" ind1="1">
    <subfield code="a">La mediación docente en la comprensión de lectura de textos literarios /</subfield>
    <subfield code="c">Silvia Méndez Anchía</subfield>
  </datafield>
  <datafield tag="260" ind2=" " ind1=" ">
    <subfield code="a">San José, Costa Rica :</subfield>
    <subfield code="b">Editorial Universidad de Costa Rica,</subfield>
    <subfield code="c">2000</subfield>
  </datafield>
  <datafield tag="300" ind2=" " ind1=" ">
    <subfield code="a">páginas 89-105</subfield>
  </datafield>
  <datafield ind1=" " ind2=" " tag="520">
    <subfield code="a">Este artículo constituye una aproximación a un campo que ha sido poco estudiado en Costa Rica: el de la meditación docente en la comprensión lectora de textos literarios en el nivel de la enseñanza media. Pretende trazar algunas líneas de estudio sobre la estrategia que emplea una docente en particular al poner en contacto a sus estudiantes con los textos literarios. Es una investigación exploratoria, cualitativa, basada en el estudio de casos; de ahí que no se pretende generalizar sus resultados; todo lo contrario, se trata de plantear algunos temas que podrían servir de punto de partida para futuras investigaciones</subfield>
  </datafield>
  <datafield ind1="1" ind2="4" tag="650">
    <subfield code="9">1</subfield>
    <subfield code="a">EDUCACIÓN</subfield>
  </datafield>
  <datafield ind2=" " tag="773" ind1="0">
    <subfield code="d">San José, Costa Rica : Editorial de la Universidad de Costa Rica, 1997-</subfield>
    <subfield code="o">R0025</subfield>
    <subfield code="t">EDUCACIÓN: Revista de la Universidad de Costa Rica</subfield>
    <subfield code="g">Vol.24, no.1 (2000)</subfield>
  </datafield>
  <datafield tag="942" ind2=" " ind1=" ">
    <subfield code="2">z</subfield>
    <subfield code="c">10</subfield>
  </datafield>
  <datafield ind1=" " tag="999" ind2=" ">
    <subfield code="c">2671</subfield>
    <subfield code="d">2671</subfield>
  </datafield>
</record>